@article{ref2,
  author = {Абрамян М. Э. },
  title = {Электронный задачник по параллельному программированию на базе интерфейса MPI стандарта 2.0 // Современные информационные технологии и ИТ-образование. 2017},
  volume = {13},
  pages = {91–104},
  language = {ru},
  journal = {Том},
  number = {4. С}
}

@article{ref3,
  author = {Абрамян, М. Э.},
  title = {Об архитектуре универсального электронного задачника по программированию},
  journal = {Информатизация образования и науки},
  year = {2015},
  number = {3 (27)},
  pages = {134--150}
}